<?xml version="1.0" encoding="UTF-8"?><collection xmlns="http://www.loc.gov/MARC21/slim"><record><leader>00385nam--2200157-i-4500</leader><controlfield tag="001">000012508</controlfield><controlfield tag="002">20161230</controlfield><controlfield tag="005">20170221011853</controlfield><controlfield tag="008">060222s1000------------r-----000-0-eng-d</controlfield><datafield ind1=" " ind2=" " tag="100"><subfield code="a">Dumitru, Toma</subfield></datafield><datafield ind1=" " ind2=" " tag="245"><subfield code="a">Tehnica bancara</subfield></datafield><datafield ind1=" " ind2=" " tag="260"><subfield code="a">Bucuresti</subfield><subfield code="b">Ed.Didact.Si Pedagog</subfield><subfield code="c">1971</subfield></datafield><datafield ind1=" " ind2=" " tag="300"><subfield code="a">309 p</subfield></datafield><datafield ind1=" " ind2=" " tag="700"><subfield code="a">Sovei, George</subfield></datafield><datafield ind1=" " ind2=" " tag="852"><subfield code="a">336.71(075.8)</subfield></datafield><datafield ind1=" " ind2=" " tag="CAT"><subfield code="a">SYS</subfield><subfield code="c">20170221</subfield><subfield code="h">011853</subfield></datafield></record></collection>